@BOOK{mark1,
	    AUTHOR = "Mark Russinovich and David Solomon and Alex Ionescu",
	    TITLE = "Windows Internals Part 1",
	    PUBLISHER = {Microsoft Press},
	    YEAR = 2012}

@BOOK{mark2,
	    AUTHOR = "Mark Russinovich and David Solomon and Alex Ionescu",
	    TITLE = "Windows Internals Part 2",
	    PUBLISHER = {Microsoft Press},
	    YEAR = 2012}


@BOOK{marshall,
	    AUTHOR = "Marshall Kirk McCusick and George V. Neville-Neil",
	    TITLE = "Design and Implementation of the FreeBSD Operating System",
	    PUBLISHER = {Addison-Wesley},
	    YEAR = 2015}

@WEB{freebsd1,
	    AUTHOR = "FreeBSD",
	    TITLE = "FreeBSD Handbook",
	    PUBLISHER = {FreeBSD Foundation},
      URL = {https://www.freebsd.org/doc/handbook/},
	    YEAR = 2017}

@WEB{freebsd2,
	    AUTHOR = "FreeBSD",
	    TITLE = "A look inside",
	    PUBLISHER = {FreeBSD Foundation},
      URL = {https://www.freebsd.org/doc/en/articles/linux-emulation/inside.html},
	    YEAR = 2017}


@WEB{linux1,
	    AUTHOR = "David A Rusling",
	    TITLE = "The Linux Kernel",
      URL = {http://www.tldp.org/LDP/tlk/tlk-toc.html},
	    YEAR = 1999}

@WEB{linux2,
	    AUTHOR = "Robert Love",
	    TITLE = "Linux Kernel Development",
      URL = {http://www.informit.com/articles/article.aspx?p=370047&seqNum=3},
	    YEAR = 2005}

@WEB{linux3,
	    TITLE = "Ubuntu man pages",
      URL = {http://manpages.ubuntu.com/manpages/zesty/man7/sched.7.html},
	    YEAR = 2010}
