@misc{opengl,
  journal = {The Khronos Group},
  title = {OpenGL Overview},
  howpublished = {\url{https://www.opengl.org/about/}},
  note = {Accessed: 2018-11-01}
}
@misc{webgl1,
  journal = {The Khronos Group},
  title = {WebGL Overview},
  howpublished = {\url{https://www.khronos.org/webgl/}},
  note = {Accessed: 2018-11-01}
}
@misc{webgl2,
  journal = {The Khronos Group},
  title = {Getting Started},
  howpublished = {\url{https://www.khronos.org/webgl/wiki/Getting_Started}},
  note = {Accessed: 2018-11-01}
}
@misc{vanjs,
  author = {Kara Luton},
  journal = {Medium},
  month = sep,
  year = {2018},
  title = {Creating an Animated Gauge Chart with Vanilla Javascript},
  howpublished = {\url{https://medium.com/javascript-in-plain-english/creating-an-animated-gauge-chart-with-vanilla-javascript-38d1d7e81b2b}},
  note = {Accessed: 2018-11-02}
}
@misc{d3js1,
  author = {Mike Bostock},
  title = {Data-Driven Documents},
  year = {2017},
  howpublished = {\url{https://d3js.org/}},
  note = {Accessed: 2018-11-02}
}
@misc{json,
  title = {Introducing JSON},
  howpublished = {\url{https://www.json.org/}},
  note = {Accessed: 2018-11-02}
}
@misc{vulkan1,
  journal = {The Khronos Group},
  month = mar,
  year = {2018},
  title = {Khronos Group Releases Vulkan 1.1},
  howpublished = {\url{https://www.khronos.org/news/press/khronos-group-releases-vulkan-1-1}},
  note = {Accessed: 2018-11-02}
}